<?xml version="1.0" encoding="UTF-8"?><record xmlns="http://www.loc.gov/MARC21/slim" xmlns:cinclude="http://apache.org/cocoon/include/1.0" xmlns:zs="http://www.loc.gov/zing/srw/">
  <leader>00391nz  a2200121n  4500</leader>
  <controlfield tag="001">nr 93012427 </controlfield>
  <controlfield tag="003">DLC</controlfield>
  <controlfield tag="005">19930406053356.4</controlfield>
  <controlfield tag="008">930402n| acannaab|          |n ana     c</controlfield>
  <datafield tag="010" ind1=" " ind2=" ">
    <subfield code="a">nr 93012427 </subfield>
  </datafield>
  <datafield tag="040" ind1=" " ind2=" ">
    <subfield code="a">NjP</subfield>
    <subfield code="c">NjP</subfield>
  </datafield>
  <datafield tag="110" ind1="2" ind2="0">
    <subfield code="a">Universidade Federal do Para휍혖.</subfield>
    <subfield code="b">Casa de Estudos Franceses</subfield>
  </datafield>
  <datafield tag="670" ind1=" " ind2=" ">
    <subfield code="a">L'Amazonie en France, 1990:</subfield>
    <subfield code="b">cover p. 2 (La Casa de Estudos Franceses de l'Universite휍혖 du Para)</subfield>
  </datafield>
</record>